%YAML 1.1
%TAG !u! tag:unity3d.com,2011:
--- !u!1 &6527146314198794840
GameObject:
  m_ObjectHideFlags: 0
  m_CorrespondingSourceObject: {fileID: 0}
  m_PrefabInstance: {fileID: 0}
  m_PrefabAsset: {fileID: 0}
  serializedVersion: 6
  m_Component:
  - component: {fileID: 3159874635867639456}
  - component: {fileID: 4514108077225647279}
  m_Layer: 0
  m_Name: SoupEffect
  m_TagString: Untagged
  m_Icon: {fileID: 0}
  m_NavMeshLayer: 0
  m_StaticEditorFlags: 0
  m_IsActive: 1
--- !u!4 &3159874635867639456
Transform:
  m_ObjectHideFlags: 0
  m_CorrespondingSourceObject: {fileID: 0}
  m_PrefabInstance: {fileID: 0}
  m_PrefabAsset: {fileID: 0}
  m_GameObject: {fileID: 6527146314198794840}
  m_LocalRotation: {x: 0, y: 0, z: 0, w: 1}
  m_LocalPosition: {x: -0.46412748, y: 1.4479867, z: -0.6587553}
  m_LocalScale: {x: 1, y: 1, z: 1}
  m_Children:
  - {fileID: 8639302304290095065}
  - {fileID: 8644012582053664298}
  - {fileID: 8644012581058863628}
  - {fileID: 8644012581290432994}
  - {fileID: 8644012581425660688}
  - {fileID: 8644012582776001676}
  - {fileID: 1586548660867035136}
  m_Father: {fileID: 0}
  m_RootOrder: 0
  m_LocalEulerAnglesHint: {x: 0, y: 0, z: 0}
--- !u!95 &4514108077225647279
Animator:
  serializedVersion: 3
  m_ObjectHideFlags: 0
  m_CorrespondingSourceObject: {fileID: 0}
  m_PrefabInstance: {fileID: 0}
  m_PrefabAsset: {fileID: 0}
  m_GameObject: {fileID: 6527146314198794840}
  m_Enabled: 1
  m_Avatar: {fileID: 0}
  m_Controller: {fileID: 9100000, guid: 8410b852f22589649bf7f63953caa12c, type: 2}
  m_CullingMode: 0
  m_UpdateMode: 0
  m_ApplyRootMotion: 0
  m_LinearVelocityBlending: 0
  m_WarningMessage: 
  m_HasTransformHierarchy: 1
  m_AllowConstantClipSamplingOptimization: 1
  m_KeepAnimatorControllerStateOnDisable: 0
--- !u!1 &8639302304290095071
GameObject:
  m_ObjectHideFlags: 0
  m_CorrespondingSourceObject: {fileID: 0}
  m_PrefabInstance: {fileID: 0}
  m_PrefabAsset: {fileID: 0}
  serializedVersion: 6
  m_Component:
  - component: {fileID: 8639302304290095065}
  - component: {fileID: 8639302304290095064}
  m_Layer: 0
  m_Name: LightSoup
  m_TagString: Untagged
  m_Icon: {fileID: 0}
  m_NavMeshLayer: 0
  m_StaticEditorFlags: 0
  m_IsActive: 1
--- !u!4 &8639302304290095065
Transform:
  m_ObjectHideFlags: 0
  m_CorrespondingSourceObject: {fileID: 0}
  m_PrefabInstance: {fileID: 0}
  m_PrefabAsset: {fileID: 0}
  m_GameObject: {fileID: 8639302304290095071}
  m_LocalRotation: {x: -0, y: -0, z: -0, w: 1}
  m_LocalPosition: {x: 0.108127475, y: 0.3150133, z: -2.0712447}
  m_LocalScale: {x: 1, y: 1, z: 1}
  m_Children: []
  m_Father: {fileID: 3159874635867639456}
  m_RootOrder: 0
  m_LocalEulerAnglesHint: {x: 0, y: 0, z: 0}
--- !u!108 &8639302304290095064
Light:
  m_ObjectHideFlags: 0
  m_CorrespondingSourceObject: {fileID: 0}
  m_PrefabInstance: {fileID: 0}
  m_PrefabAsset: {fileID: 0}
  m_GameObject: {fileID: 8639302304290095071}
  m_Enabled: 1
  serializedVersion: 10
  m_Type: 2
  m_Shape: 0
  m_Color: {r: 1, g: 0.5396782, b: 0, a: 1}
  m_Intensity: 3.1
  m_Range: 2.34
  m_SpotAngle: 30
  m_InnerSpotAngle: 21.80208
  m_CookieSize: 10
  m_Shadows:
    m_Type: 2
    m_Resolution: -1
    m_CustomResolution: -1
    m_Strength: 0.688
    m_Bias: 0.05
    m_NormalBias: 0.4
    m_NearPlane: 0.2
    m_CullingMatrixOverride:
      e00: 1
      e01: 0
      e02: 0
      e03: 0
      e10: 0
      e11: 1
      e12: 0
      e13: 0
      e20: 0
      e21: 0
      e22: 1
      e23: 0
      e30: 0
      e31: 0
      e32: 0
      e33: 1
    m_UseCullingMatrixOverride: 0
  m_Cookie: {fileID: 0}
  m_DrawHalo: 0
  m_Flare: {fileID: 0}
  m_RenderMode: 0
  m_CullingMask:
    serializedVersion: 2
    m_Bits: 4294967295
  m_RenderingLayerMask: 1
  m_Lightmapping: 2
  m_LightShadowCasterMode: 0
  m_AreaSize: {x: 1, y: 1}
  m_BounceIntensity: 1
  m_ColorTemperature: 6570
  m_UseColorTemperature: 0
  m_BoundingSphereOverride: {x: 0, y: 0, z: 0, w: 0}
  m_UseBoundingSphereOverride: 0
  m_ShadowRadius: 0
  m_ShadowAngle: 0
--- !u!1001 &1591399667463360468
PrefabInstance:
  m_ObjectHideFlags: 0
  serializedVersion: 2
  m_Modification:
    m_TransformParent: {fileID: 3159874635867639456}
    m_Modifications:
    - target: {fileID: 1547757601392324, guid: 6f672a31584a6a748912a49c1dce2f0c, type: 3}
      propertyPath: m_Name
      value: PoinsonGasBlack
      objectReference: {fileID: 0}
    - target: {fileID: 1547757601392324, guid: 6f672a31584a6a748912a49c1dce2f0c, type: 3}
      propertyPath: m_IsActive
      value: 0
      objectReference: {fileID: 0}
    - target: {fileID: 4859880167833556, guid: 6f672a31584a6a748912a49c1dce2f0c, type: 3}
      propertyPath: m_LocalPosition.x
      value: 0.060127467
      objectReference: {fileID: 0}
    - target: {fileID: 4859880167833556, guid: 6f672a31584a6a748912a49c1dce2f0c, type: 3}
      propertyPath: m_LocalPosition.y
      value: -0.1389867
      objectReference: {fileID: 0}
    - target: {fileID: 4859880167833556, guid: 6f672a31584a6a748912a49c1dce2f0c, type: 3}
      propertyPath: m_LocalPosition.z
      value: -2.2142446
      objectReference: {fileID: 0}
    - target: {fileID: 4859880167833556, guid: 6f672a31584a6a748912a49c1dce2f0c, type: 3}
      propertyPath: m_LocalRotation.x
      value: -0.7071068
      objectReference: {fileID: 0}
    - target: {fileID: 4859880167833556, guid: 6f672a31584a6a748912a49c1dce2f0c, type: 3}
      propertyPath: m_LocalRotation.y
      value: -0
      objectReference: {fileID: 0}
    - target: {fileID: 4859880167833556, guid: 6f672a31584a6a748912a49c1dce2f0c, type: 3}
      propertyPath: m_LocalRotation.z
      value: -0
      objectReference: {fileID: 0}
    - target: {fileID: 4859880167833556, guid: 6f672a31584a6a748912a49c1dce2f0c, type: 3}
      propertyPath: m_LocalRotation.w
      value: 0.7071068
      objectReference: {fileID: 0}
    - target: {fileID: 4859880167833556, guid: 6f672a31584a6a748912a49c1dce2f0c, type: 3}
      propertyPath: m_RootOrder
      value: 6
      objectReference: {fileID: 0}
    - target: {fileID: 4859880167833556, guid: 6f672a31584a6a748912a49c1dce2f0c, type: 3}
      propertyPath: m_LocalEulerAnglesHint.x
      value: -90
      objectReference: {fileID: 0}
    - target: {fileID: 4859880167833556, guid: 6f672a31584a6a748912a49c1dce2f0c, type: 3}
      propertyPath: m_LocalEulerAnglesHint.y
      value: 0
      objectReference: {fileID: 0}
    - target: {fileID: 4859880167833556, guid: 6f672a31584a6a748912a49c1dce2f0c, type: 3}
      propertyPath: m_LocalEulerAnglesHint.z
      value: 0
      objectReference: {fileID: 0}
    - target: {fileID: 4859880167833556, guid: 6f672a31584a6a748912a49c1dce2f0c, type: 3}
      propertyPath: m_LocalScale.x
      value: 0.2
      objectReference: {fileID: 0}
    - target: {fileID: 4859880167833556, guid: 6f672a31584a6a748912a49c1dce2f0c, type: 3}
      propertyPath: m_LocalScale.y
      value: 0.20000002
      objectReference: {fileID: 0}
    - target: {fileID: 4859880167833556, guid: 6f672a31584a6a748912a49c1dce2f0c, type: 3}
      propertyPath: m_LocalScale.z
      value: 0.5
      objectReference: {fileID: 0}
    - target: {fileID: 198206152677216326, guid: 6f672a31584a6a748912a49c1dce2f0c,
        type: 3}
      propertyPath: UVModule.flipU
      value: 0
      objectReference: {fileID: 0}
    - target: {fileID: 198206152677216326, guid: 6f672a31584a6a748912a49c1dce2f0c,
        type: 3}
      propertyPath: UVModule.flipV
      value: 0
      objectReference: {fileID: 0}
    - target: {fileID: 198206152677216326, guid: 6f672a31584a6a748912a49c1dce2f0c,
        type: 3}
      propertyPath: EmissionModule.enabled
      value: 0
      objectReference: {fileID: 0}
    - target: {fileID: 198938402097657526, guid: 6f672a31584a6a748912a49c1dce2f0c,
        type: 3}
      propertyPath: UVModule.flipU
      value: 0
      objectReference: {fileID: 0}
    - target: {fileID: 198938402097657526, guid: 6f672a31584a6a748912a49c1dce2f0c,
        type: 3}
      propertyPath: ColorModule.gradient.maxGradient.key1.r
      value: 0
      objectReference: {fileID: 0}
    - target: {fileID: 198938402097657526, guid: 6f672a31584a6a748912a49c1dce2f0c,
        type: 3}
      propertyPath: ColorModule.gradient.maxGradient.key1.g
      value: 0
      objectReference: {fileID: 0}
    - target: {fileID: 198938402097657526, guid: 6f672a31584a6a748912a49c1dce2f0c,
        type: 3}
      propertyPath: ColorModule.gradient.maxGradient.key1.b
      value: 0
      objectReference: {fileID: 0}
    - target: {fileID: 198938402097657526, guid: 6f672a31584a6a748912a49c1dce2f0c,
        type: 3}
      propertyPath: ColorModule.gradient.maxGradient.key0.r
      value: 1
      objectReference: {fileID: 0}
    - target: {fileID: 198938402097657526, guid: 6f672a31584a6a748912a49c1dce2f0c,
        type: 3}
      propertyPath: ColorModule.gradient.maxGradient.key0.g
      value: 1
      objectReference: {fileID: 0}
    - target: {fileID: 198938402097657526, guid: 6f672a31584a6a748912a49c1dce2f0c,
        type: 3}
      propertyPath: ColorModule.gradient.maxGradient.key0.b
      value: 1
      objectReference: {fileID: 0}
    - target: {fileID: 198938402097657526, guid: 6f672a31584a6a748912a49c1dce2f0c,
        type: 3}
      propertyPath: ColorModule.gradient.maxGradient.ctime1
      value: 65150
      objectReference: {fileID: 0}
    - target: {fileID: 198956070365097430, guid: 6f672a31584a6a748912a49c1dce2f0c,
        type: 3}
      propertyPath: UVModule.flipU
      value: 0
      objectReference: {fileID: 0}
    - target: {fileID: 198956070365097430, guid: 6f672a31584a6a748912a49c1dce2f0c,
        type: 3}
      propertyPath: UVModule.flipV
      value: 0
      objectReference: {fileID: 0}
    - target: {fileID: 198956070365097430, guid: 6f672a31584a6a748912a49c1dce2f0c,
        type: 3}
      propertyPath: EmissionModule.enabled
      value: 0
      objectReference: {fileID: 0}
    m_RemovedComponents: []
  m_SourcePrefab: {fileID: 100100000, guid: 6f672a31584a6a748912a49c1dce2f0c, type: 3}
--- !u!4 &1586548660867035136 stripped
Transform:
  m_CorrespondingSourceObject: {fileID: 4859880167833556, guid: 6f672a31584a6a748912a49c1dce2f0c,
    type: 3}
  m_PrefabInstance: {fileID: 1591399667463360468}
  m_PrefabAsset: {fileID: 0}
--- !u!1001 &8639302303427894744
PrefabInstance:
  m_ObjectHideFlags: 0
  serializedVersion: 2
  m_Modification:
    m_TransformParent: {fileID: 3159874635867639456}
    m_Modifications:
    - target: {fileID: 1547757601392324, guid: 6f672a31584a6a748912a49c1dce2f0c, type: 3}
      propertyPath: m_Name
      value: PoisonGasGreen
      objectReference: {fileID: 0}
    - target: {fileID: 1547757601392324, guid: 6f672a31584a6a748912a49c1dce2f0c, type: 3}
      propertyPath: m_IsActive
      value: 0
      objectReference: {fileID: 0}
    - target: {fileID: 4859880167833556, guid: 6f672a31584a6a748912a49c1dce2f0c, type: 3}
      propertyPath: m_LocalPosition.x
      value: 0.060127467
      objectReference: {fileID: 0}
    - target: {fileID: 4859880167833556, guid: 6f672a31584a6a748912a49c1dce2f0c, type: 3}
      propertyPath: m_LocalPosition.y
      value: -0.1389867
      objectReference: {fileID: 0}
    - target: {fileID: 4859880167833556, guid: 6f672a31584a6a748912a49c1dce2f0c, type: 3}
      propertyPath: m_LocalPosition.z
      value: -2.2142446
      objectReference: {fileID: 0}
    - target: {fileID: 4859880167833556, guid: 6f672a31584a6a748912a49c1dce2f0c, type: 3}
      propertyPath: m_LocalRotation.x
      value: -0.7071068
      objectReference: {fileID: 0}
    - target: {fileID: 4859880167833556, guid: 6f672a31584a6a748912a49c1dce2f0c, type: 3}
      propertyPath: m_LocalRotation.y
      value: -0
      objectReference: {fileID: 0}
    - target: {fileID: 4859880167833556, guid: 6f672a31584a6a748912a49c1dce2f0c, type: 3}
      propertyPath: m_LocalRotation.z
      value: -0
      objectReference: {fileID: 0}
    - target: {fileID: 4859880167833556, guid: 6f672a31584a6a748912a49c1dce2f0c, type: 3}
      propertyPath: m_LocalRotation.w
      value: 0.7071068
      objectReference: {fileID: 0}
    - target: {fileID: 4859880167833556, guid: 6f672a31584a6a748912a49c1dce2f0c, type: 3}
      propertyPath: m_RootOrder
      value: 2
      objectReference: {fileID: 0}
    - target: {fileID: 4859880167833556, guid: 6f672a31584a6a748912a49c1dce2f0c, type: 3}
      propertyPath: m_LocalEulerAnglesHint.x
      value: -90
      objectReference: {fileID: 0}
    - target: {fileID: 4859880167833556, guid: 6f672a31584a6a748912a49c1dce2f0c, type: 3}
      propertyPath: m_LocalEulerAnglesHint.y
      value: 0
      objectReference: {fileID: 0}
    - target: {fileID: 4859880167833556, guid: 6f672a31584a6a748912a49c1dce2f0c, type: 3}
      propertyPath: m_LocalEulerAnglesHint.z
      value: 0
      objectReference: {fileID: 0}
    - target: {fileID: 4859880167833556, guid: 6f672a31584a6a748912a49c1dce2f0c, type: 3}
      propertyPath: m_LocalScale.x
      value: 0.2
      objectReference: {fileID: 0}
    - target: {fileID: 4859880167833556, guid: 6f672a31584a6a748912a49c1dce2f0c, type: 3}
      propertyPath: m_LocalScale.y
      value: 0.20000002
      objectReference: {fileID: 0}
    - target: {fileID: 4859880167833556, guid: 6f672a31584a6a748912a49c1dce2f0c, type: 3}
      propertyPath: m_LocalScale.z
      value: 0.5
      objectReference: {fileID: 0}
    - target: {fileID: 198206152677216326, guid: 6f672a31584a6a748912a49c1dce2f0c,
        type: 3}
      propertyPath: UVModule.flipU
      value: 0
      objectReference: {fileID: 0}
    - target: {fileID: 198206152677216326, guid: 6f672a31584a6a748912a49c1dce2f0c,
        type: 3}
      propertyPath: UVModule.flipV
      value: 0
      objectReference: {fileID: 0}
    - target: {fileID: 198206152677216326, guid: 6f672a31584a6a748912a49c1dce2f0c,
        type: 3}
      propertyPath: EmissionModule.enabled
      value: 0
      objectReference: {fileID: 0}
    - target: {fileID: 198938402097657526, guid: 6f672a31584a6a748912a49c1dce2f0c,
        type: 3}
      propertyPath: UVModule.flipU
      value: 0
      objectReference: {fileID: 0}
    - target: {fileID: 198956070365097430, guid: 6f672a31584a6a748912a49c1dce2f0c,
        type: 3}
      propertyPath: UVModule.flipU
      value: 0
      objectReference: {fileID: 0}
    - target: {fileID: 198956070365097430, guid: 6f672a31584a6a748912a49c1dce2f0c,
        type: 3}
      propertyPath: UVModule.flipV
      value: 0
      objectReference: {fileID: 0}
    - target: {fileID: 198956070365097430, guid: 6f672a31584a6a748912a49c1dce2f0c,
        type: 3}
      propertyPath: EmissionModule.enabled
      value: 0
      objectReference: {fileID: 0}
    m_RemovedComponents: []
  m_SourcePrefab: {fileID: 100100000, guid: 6f672a31584a6a748912a49c1dce2f0c, type: 3}
--- !u!4 &8644012581058863628 stripped
Transform:
  m_CorrespondingSourceObject: {fileID: 4859880167833556, guid: 6f672a31584a6a748912a49c1dce2f0c,
    type: 3}
  m_PrefabInstance: {fileID: 8639302303427894744}
  m_PrefabAsset: {fileID: 0}
--- !u!1001 &8639302303492286006
PrefabInstance:
  m_ObjectHideFlags: 0
  serializedVersion: 2
  m_Modification:
    m_TransformParent: {fileID: 3159874635867639456}
    m_Modifications:
    - target: {fileID: 1547757601392324, guid: 6f672a31584a6a748912a49c1dce2f0c, type: 3}
      propertyPath: m_Name
      value: PoisonGasBlue
      objectReference: {fileID: 0}
    - target: {fileID: 1547757601392324, guid: 6f672a31584a6a748912a49c1dce2f0c, type: 3}
      propertyPath: m_IsActive
      value: 0
      objectReference: {fileID: 0}
    - target: {fileID: 4859880167833556, guid: 6f672a31584a6a748912a49c1dce2f0c, type: 3}
      propertyPath: m_LocalPosition.x
      value: 0.060127467
      objectReference: {fileID: 0}
    - target: {fileID: 4859880167833556, guid: 6f672a31584a6a748912a49c1dce2f0c, type: 3}
      propertyPath: m_LocalPosition.y
      value: -0.1389867
      objectReference: {fileID: 0}
    - target: {fileID: 4859880167833556, guid: 6f672a31584a6a748912a49c1dce2f0c, type: 3}
      propertyPath: m_LocalPosition.z
      value: -2.2142446
      objectReference: {fileID: 0}
    - target: {fileID: 4859880167833556, guid: 6f672a31584a6a748912a49c1dce2f0c, type: 3}
      propertyPath: m_LocalRotation.x
      value: -0.7071068
      objectReference: {fileID: 0}
    - target: {fileID: 4859880167833556, guid: 6f672a31584a6a748912a49c1dce2f0c, type: 3}
      propertyPath: m_LocalRotation.y
      value: -0
      objectReference: {fileID: 0}
    - target: {fileID: 4859880167833556, guid: 6f672a31584a6a748912a49c1dce2f0c, type: 3}
      propertyPath: m_LocalRotation.z
      value: -0
      objectReference: {fileID: 0}
    - target: {fileID: 4859880167833556, guid: 6f672a31584a6a748912a49c1dce2f0c, type: 3}
      propertyPath: m_LocalRotation.w
      value: 0.7071068
      objectReference: {fileID: 0}
    - target: {fileID: 4859880167833556, guid: 6f672a31584a6a748912a49c1dce2f0c, type: 3}
      propertyPath: m_RootOrder
      value: 3
      objectReference: {fileID: 0}
    - target: {fileID: 4859880167833556, guid: 6f672a31584a6a748912a49c1dce2f0c, type: 3}
      propertyPath: m_LocalEulerAnglesHint.x
      value: -90
      objectReference: {fileID: 0}
    - target: {fileID: 4859880167833556, guid: 6f672a31584a6a748912a49c1dce2f0c, type: 3}
      propertyPath: m_LocalEulerAnglesHint.y
      value: 0
      objectReference: {fileID: 0}
    - target: {fileID: 4859880167833556, guid: 6f672a31584a6a748912a49c1dce2f0c, type: 3}
      propertyPath: m_LocalEulerAnglesHint.z
      value: 0
      objectReference: {fileID: 0}
    - target: {fileID: 4859880167833556, guid: 6f672a31584a6a748912a49c1dce2f0c, type: 3}
      propertyPath: m_LocalScale.x
      value: 0.2
      objectReference: {fileID: 0}
    - target: {fileID: 4859880167833556, guid: 6f672a31584a6a748912a49c1dce2f0c, type: 3}
      propertyPath: m_LocalScale.y
      value: 0.20000002
      objectReference: {fileID: 0}
    - target: {fileID: 4859880167833556, guid: 6f672a31584a6a748912a49c1dce2f0c, type: 3}
      propertyPath: m_LocalScale.z
      value: 0.5
      objectReference: {fileID: 0}
    - target: {fileID: 198206152677216326, guid: 6f672a31584a6a748912a49c1dce2f0c,
        type: 3}
      propertyPath: UVModule.flipU
      value: 0
      objectReference: {fileID: 0}
    - target: {fileID: 198206152677216326, guid: 6f672a31584a6a748912a49c1dce2f0c,
        type: 3}
      propertyPath: UVModule.flipV
      value: 0
      objectReference: {fileID: 0}
    - target: {fileID: 198206152677216326, guid: 6f672a31584a6a748912a49c1dce2f0c,
        type: 3}
      propertyPath: EmissionModule.enabled
      value: 0
      objectReference: {fileID: 0}
    - target: {fileID: 198938402097657526, guid: 6f672a31584a6a748912a49c1dce2f0c,
        type: 3}
      propertyPath: UVModule.flipU
      value: 0
      objectReference: {fileID: 0}
    - target: {fileID: 198938402097657526, guid: 6f672a31584a6a748912a49c1dce2f0c,
        type: 3}
      propertyPath: ColorModule.gradient.maxGradient.key0.r
      value: 0
      objectReference: {fileID: 0}
    - target: {fileID: 198938402097657526, guid: 6f672a31584a6a748912a49c1dce2f0c,
        type: 3}
      propertyPath: ColorModule.gradient.maxGradient.key0.g
      value: 0.7728834
      objectReference: {fileID: 0}
    - target: {fileID: 198938402097657526, guid: 6f672a31584a6a748912a49c1dce2f0c,
        type: 3}
      propertyPath: ColorModule.gradient.maxGradient.key0.b
      value: 1
      objectReference: {fileID: 0}
    - target: {fileID: 198938402097657526, guid: 6f672a31584a6a748912a49c1dce2f0c,
        type: 3}
      propertyPath: ColorModule.gradient.maxGradient.key1.r
      value: 0
      objectReference: {fileID: 0}
    - target: {fileID: 198938402097657526, guid: 6f672a31584a6a748912a49c1dce2f0c,
        type: 3}
      propertyPath: ColorModule.gradient.maxGradient.key1.g
      value: 0.8390024
      objectReference: {fileID: 0}
    - target: {fileID: 198938402097657526, guid: 6f672a31584a6a748912a49c1dce2f0c,
        type: 3}
      propertyPath: ColorModule.gradient.maxGradient.key1.b
      value: 1
      objectReference: {fileID: 0}
    - target: {fileID: 198956070365097430, guid: 6f672a31584a6a748912a49c1dce2f0c,
        type: 3}
      propertyPath: UVModule.flipU
      value: 0
      objectReference: {fileID: 0}
    - target: {fileID: 198956070365097430, guid: 6f672a31584a6a748912a49c1dce2f0c,
        type: 3}
      propertyPath: UVModule.flipV
      value: 0
      objectReference: {fileID: 0}
    - target: {fileID: 198956070365097430, guid: 6f672a31584a6a748912a49c1dce2f0c,
        type: 3}
      propertyPath: EmissionModule.enabled
      value: 0
      objectReference: {fileID: 0}
    m_RemovedComponents: []
  m_SourcePrefab: {fileID: 100100000, guid: 6f672a31584a6a748912a49c1dce2f0c, type: 3}
--- !u!4 &8644012581290432994 stripped
Transform:
  m_CorrespondingSourceObject: {fileID: 4859880167833556, guid: 6f672a31584a6a748912a49c1dce2f0c,
    type: 3}
  m_PrefabInstance: {fileID: 8639302303492286006}
  m_PrefabAsset: {fileID: 0}
--- !u!1001 &8639302303627590852
PrefabInstance:
  m_ObjectHideFlags: 0
  serializedVersion: 2
  m_Modification:
    m_TransformParent: {fileID: 3159874635867639456}
    m_Modifications:
    - target: {fileID: 1547757601392324, guid: 6f672a31584a6a748912a49c1dce2f0c, type: 3}
      propertyPath: m_Name
      value: PoisonGasYellow
      objectReference: {fileID: 0}
    - target: {fileID: 1547757601392324, guid: 6f672a31584a6a748912a49c1dce2f0c, type: 3}
      propertyPath: m_IsActive
      value: 0
      objectReference: {fileID: 0}
    - target: {fileID: 4859880167833556, guid: 6f672a31584a6a748912a49c1dce2f0c, type: 3}
      propertyPath: m_LocalPosition.x
      value: 0.060127467
      objectReference: {fileID: 0}
    - target: {fileID: 4859880167833556, guid: 6f672a31584a6a748912a49c1dce2f0c, type: 3}
      propertyPath: m_LocalPosition.y
      value: -0.1389867
      objectReference: {fileID: 0}
    - target: {fileID: 4859880167833556, guid: 6f672a31584a6a748912a49c1dce2f0c, type: 3}
      propertyPath: m_LocalPosition.z
      value: -2.2142446
      objectReference: {fileID: 0}
    - target: {fileID: 4859880167833556, guid: 6f672a31584a6a748912a49c1dce2f0c, type: 3}
      propertyPath: m_LocalRotation.x
      value: -0.7071068
      objectReference: {fileID: 0}
    - target: {fileID: 4859880167833556, guid: 6f672a31584a6a748912a49c1dce2f0c, type: 3}
      propertyPath: m_LocalRotation.y
      value: -0
      objectReference: {fileID: 0}
    - target: {fileID: 4859880167833556, guid: 6f672a31584a6a748912a49c1dce2f0c, type: 3}
      propertyPath: m_LocalRotation.z
      value: -0
      objectReference: {fileID: 0}
    - target: {fileID: 4859880167833556, guid: 6f672a31584a6a748912a49c1dce2f0c, type: 3}
      propertyPath: m_LocalRotation.w
      value: 0.7071068
      objectReference: {fileID: 0}
    - target: {fileID: 4859880167833556, guid: 6f672a31584a6a748912a49c1dce2f0c, type: 3}
      propertyPath: m_RootOrder
      value: 4
      objectReference: {fileID: 0}
    - target: {fileID: 4859880167833556, guid: 6f672a31584a6a748912a49c1dce2f0c, type: 3}
      propertyPath: m_LocalEulerAnglesHint.x
      value: -90
      objectReference: {fileID: 0}
    - target: {fileID: 4859880167833556, guid: 6f672a31584a6a748912a49c1dce2f0c, type: 3}
      propertyPath: m_LocalEulerAnglesHint.y
      value: 0
      objectReference: {fileID: 0}
    - target: {fileID: 4859880167833556, guid: 6f672a31584a6a748912a49c1dce2f0c, type: 3}
      propertyPath: m_LocalEulerAnglesHint.z
      value: 0
      objectReference: {fileID: 0}
    - target: {fileID: 4859880167833556, guid: 6f672a31584a6a748912a49c1dce2f0c, type: 3}
      propertyPath: m_LocalScale.x
      value: 0.2
      objectReference: {fileID: 0}
    - target: {fileID: 4859880167833556, guid: 6f672a31584a6a748912a49c1dce2f0c, type: 3}
      propertyPath: m_LocalScale.y
      value: 0.20000002
      objectReference: {fileID: 0}
    - target: {fileID: 4859880167833556, guid: 6f672a31584a6a748912a49c1dce2f0c, type: 3}
      propertyPath: m_LocalScale.z
      value: 0.5
      objectReference: {fileID: 0}
    - target: {fileID: 198206152677216326, guid: 6f672a31584a6a748912a49c1dce2f0c,
        type: 3}
      propertyPath: UVModule.flipU
      value: 0
      objectReference: {fileID: 0}
    - target: {fileID: 198206152677216326, guid: 6f672a31584a6a748912a49c1dce2f0c,
        type: 3}
      propertyPath: UVModule.flipV
      value: 0
      objectReference: {fileID: 0}
    - target: {fileID: 198206152677216326, guid: 6f672a31584a6a748912a49c1dce2f0c,
        type: 3}
      propertyPath: EmissionModule.enabled
      value: 0
      objectReference: {fileID: 0}
    - target: {fileID: 198938402097657526, guid: 6f672a31584a6a748912a49c1dce2f0c,
        type: 3}
      propertyPath: UVModule.flipU
      value: 0
      objectReference: {fileID: 0}
    - target: {fileID: 198938402097657526, guid: 6f672a31584a6a748912a49c1dce2f0c,
        type: 3}
      propertyPath: ColorModule.gradient.maxGradient.key1.r
      value: 1
      objectReference: {fileID: 0}
    - target: {fileID: 198938402097657526, guid: 6f672a31584a6a748912a49c1dce2f0c,
        type: 3}
      propertyPath: ColorModule.gradient.maxGradient.key1.g
      value: 0
      objectReference: {fileID: 0}
    - target: {fileID: 198938402097657526, guid: 6f672a31584a6a748912a49c1dce2f0c,
        type: 3}
      propertyPath: ColorModule.gradient.maxGradient.key0.r
      value: 1
      objectReference: {fileID: 0}
    - target: {fileID: 198938402097657526, guid: 6f672a31584a6a748912a49c1dce2f0c,
        type: 3}
      propertyPath: ColorModule.gradient.maxGradient.key0.g
      value: 0
      objectReference: {fileID: 0}
    - target: {fileID: 198938402097657526, guid: 6f672a31584a6a748912a49c1dce2f0c,
        type: 3}
      propertyPath: ColorModule.gradient.maxGradient.key0.b
      value: 0.10779095
      objectReference: {fileID: 0}
    - target: {fileID: 198938402097657526, guid: 6f672a31584a6a748912a49c1dce2f0c,
        type: 3}
      propertyPath: ColorModule.gradient.maxGradient.key1.b
      value: 0.0059804916
      objectReference: {fileID: 0}
    - target: {fileID: 198956070365097430, guid: 6f672a31584a6a748912a49c1dce2f0c,
        type: 3}
      propertyPath: UVModule.flipU
      value: 0
      objectReference: {fileID: 0}
    - target: {fileID: 198956070365097430, guid: 6f672a31584a6a748912a49c1dce2f0c,
        type: 3}
      propertyPath: UVModule.flipV
      value: 0
      objectReference: {fileID: 0}
    - target: {fileID: 198956070365097430, guid: 6f672a31584a6a748912a49c1dce2f0c,
        type: 3}
      propertyPath: EmissionModule.enabled
      value: 0
      objectReference: {fileID: 0}
    m_RemovedComponents: []
  m_SourcePrefab: {fileID: 100100000, guid: 6f672a31584a6a748912a49c1dce2f0c, type: 3}
--- !u!4 &8644012581425660688 stripped
Transform:
  m_CorrespondingSourceObject: {fileID: 4859880167833556, guid: 6f672a31584a6a748912a49c1dce2f0c,
    type: 3}
  m_PrefabInstance: {fileID: 8639302303627590852}
  m_PrefabAsset: {fileID: 0}
--- !u!1001 &8639302304322628094
PrefabInstance:
  m_ObjectHideFlags: 0
  serializedVersion: 2
  m_Modification:
    m_TransformParent: {fileID: 3159874635867639456}
    m_Modifications:
    - target: {fileID: 1547757601392324, guid: 6f672a31584a6a748912a49c1dce2f0c, type: 3}
      propertyPath: m_Name
      value: PoisonGasPurple
      objectReference: {fileID: 0}
    - target: {fileID: 1547757601392324, guid: 6f672a31584a6a748912a49c1dce2f0c, type: 3}
      propertyPath: m_IsActive
      value: 0
      objectReference: {fileID: 0}
    - target: {fileID: 4859880167833556, guid: 6f672a31584a6a748912a49c1dce2f0c, type: 3}
      propertyPath: m_LocalPosition.x
      value: 0.060127467
      objectReference: {fileID: 0}
    - target: {fileID: 4859880167833556, guid: 6f672a31584a6a748912a49c1dce2f0c, type: 3}
      propertyPath: m_LocalPosition.y
      value: -0.1389867
      objectReference: {fileID: 0}
    - target: {fileID: 4859880167833556, guid: 6f672a31584a6a748912a49c1dce2f0c, type: 3}
      propertyPath: m_LocalPosition.z
      value: -2.2142446
      objectReference: {fileID: 0}
    - target: {fileID: 4859880167833556, guid: 6f672a31584a6a748912a49c1dce2f0c, type: 3}
      propertyPath: m_LocalRotation.x
      value: -0.7071068
      objectReference: {fileID: 0}
    - target: {fileID: 4859880167833556, guid: 6f672a31584a6a748912a49c1dce2f0c, type: 3}
      propertyPath: m_LocalRotation.y
      value: -0
      objectReference: {fileID: 0}
    - target: {fileID: 4859880167833556, guid: 6f672a31584a6a748912a49c1dce2f0c, type: 3}
      propertyPath: m_LocalRotation.z
      value: -0
      objectReference: {fileID: 0}
    - target: {fileID: 4859880167833556, guid: 6f672a31584a6a748912a49c1dce2f0c, type: 3}
      propertyPath: m_LocalRotation.w
      value: 0.7071068
      objectReference: {fileID: 0}
    - target: {fileID: 4859880167833556, guid: 6f672a31584a6a748912a49c1dce2f0c, type: 3}
      propertyPath: m_RootOrder
      value: 1
      objectReference: {fileID: 0}
    - target: {fileID: 4859880167833556, guid: 6f672a31584a6a748912a49c1dce2f0c, type: 3}
      propertyPath: m_LocalEulerAnglesHint.x
      value: -90
      objectReference: {fileID: 0}
    - target: {fileID: 4859880167833556, guid: 6f672a31584a6a748912a49c1dce2f0c, type: 3}
      propertyPath: m_LocalEulerAnglesHint.y
      value: 0
      objectReference: {fileID: 0}
    - target: {fileID: 4859880167833556, guid: 6f672a31584a6a748912a49c1dce2f0c, type: 3}
      propertyPath: m_LocalEulerAnglesHint.z
      value: 0
      objectReference: {fileID: 0}
    - target: {fileID: 4859880167833556, guid: 6f672a31584a6a748912a49c1dce2f0c, type: 3}
      propertyPath: m_LocalScale.x
      value: 0.2
      objectReference: {fileID: 0}
    - target: {fileID: 4859880167833556, guid: 6f672a31584a6a748912a49c1dce2f0c, type: 3}
      propertyPath: m_LocalScale.y
      value: 0.20000002
      objectReference: {fileID: 0}
    - target: {fileID: 4859880167833556, guid: 6f672a31584a6a748912a49c1dce2f0c, type: 3}
      propertyPath: m_LocalScale.z
      value: 0.5
      objectReference: {fileID: 0}
    - target: {fileID: 198206152677216326, guid: 6f672a31584a6a748912a49c1dce2f0c,
        type: 3}
      propertyPath: UVModule.flipU
      value: 0
      objectReference: {fileID: 0}
    - target: {fileID: 198206152677216326, guid: 6f672a31584a6a748912a49c1dce2f0c,
        type: 3}
      propertyPath: UVModule.flipV
      value: 0
      objectReference: {fileID: 0}
    - target: {fileID: 198206152677216326, guid: 6f672a31584a6a748912a49c1dce2f0c,
        type: 3}
      propertyPath: EmissionModule.enabled
      value: 0
      objectReference: {fileID: 0}
    - target: {fileID: 198938402097657526, guid: 6f672a31584a6a748912a49c1dce2f0c,
        type: 3}
      propertyPath: UVModule.flipU
      value: 0
      objectReference: {fileID: 0}
    - target: {fileID: 198938402097657526, guid: 6f672a31584a6a748912a49c1dce2f0c,
        type: 3}
      propertyPath: ColorModule.gradient.maxGradient.key0.r
      value: 0.8114557
      objectReference: {fileID: 0}
    - target: {fileID: 198938402097657526, guid: 6f672a31584a6a748912a49c1dce2f0c,
        type: 3}
      propertyPath: ColorModule.gradient.maxGradient.key0.g
      value: 0
      objectReference: {fileID: 0}
    - target: {fileID: 198938402097657526, guid: 6f672a31584a6a748912a49c1dce2f0c,
        type: 3}
      propertyPath: ColorModule.gradient.maxGradient.key2.r
      value: 0.6561564
      objectReference: {fileID: 0}
    - target: {fileID: 198938402097657526, guid: 6f672a31584a6a748912a49c1dce2f0c,
        type: 3}
      propertyPath: ColorModule.gradient.maxGradient.key2.g
      value: 1
      objectReference: {fileID: 0}
    - target: {fileID: 198938402097657526, guid: 6f672a31584a6a748912a49c1dce2f0c,
        type: 3}
      propertyPath: ColorModule.gradient.maxGradient.ctime2
      value: 65535
      objectReference: {fileID: 0}
    - target: {fileID: 198938402097657526, guid: 6f672a31584a6a748912a49c1dce2f0c,
        type: 3}
      propertyPath: ColorModule.gradient.maxGradient.key1.r
      value: 0.7198434
      objectReference: {fileID: 0}
    - target: {fileID: 198938402097657526, guid: 6f672a31584a6a748912a49c1dce2f0c,
        type: 3}
      propertyPath: ColorModule.gradient.maxGradient.key1.g
      value: 0
      objectReference: {fileID: 0}
    - target: {fileID: 198938402097657526, guid: 6f672a31584a6a748912a49c1dce2f0c,
        type: 3}
      propertyPath: ColorModule.gradient.maxGradient.key0.b
      value: 1
      objectReference: {fileID: 0}
    - target: {fileID: 198938402097657526, guid: 6f672a31584a6a748912a49c1dce2f0c,
        type: 3}
      propertyPath: ColorModule.gradient.maxGradient.key1.b
      value: 1
      objectReference: {fileID: 0}
    - target: {fileID: 198956070365097430, guid: 6f672a31584a6a748912a49c1dce2f0c,
        type: 3}
      propertyPath: UVModule.flipU
      value: 0
      objectReference: {fileID: 0}
    - target: {fileID: 198956070365097430, guid: 6f672a31584a6a748912a49c1dce2f0c,
        type: 3}
      propertyPath: UVModule.flipV
      value: 0
      objectReference: {fileID: 0}
    - target: {fileID: 198956070365097430, guid: 6f672a31584a6a748912a49c1dce2f0c,
        type: 3}
      propertyPath: EmissionModule.enabled
      value: 0
      objectReference: {fileID: 0}
    m_RemovedComponents: []
  m_SourcePrefab: {fileID: 100100000, guid: 6f672a31584a6a748912a49c1dce2f0c, type: 3}
--- !u!4 &8644012582053664298 stripped
Transform:
  m_CorrespondingSourceObject: {fileID: 4859880167833556, guid: 6f672a31584a6a748912a49c1dce2f0c,
    type: 3}
  m_PrefabInstance: {fileID: 8639302304322628094}
  m_PrefabAsset: {fileID: 0}
--- !u!1001 &8639302304942730072
PrefabInstance:
  m_ObjectHideFlags: 0
  serializedVersion: 2
  m_Modification:
    m_TransformParent: {fileID: 3159874635867639456}
    m_Modifications:
    - target: {fileID: 1547757601392324, guid: 6f672a31584a6a748912a49c1dce2f0c, type: 3}
      propertyPath: m_Name
      value: PoisonGasOrange
      objectReference: {fileID: 0}
    - target: {fileID: 1547757601392324, guid: 6f672a31584a6a748912a49c1dce2f0c, type: 3}
      propertyPath: m_IsActive
      value: 0
      objectReference: {fileID: 0}
    - target: {fileID: 4859880167833556, guid: 6f672a31584a6a748912a49c1dce2f0c, type: 3}
      propertyPath: m_LocalPosition.x
      value: 0.060127467
      objectReference: {fileID: 0}
    - target: {fileID: 4859880167833556, guid: 6f672a31584a6a748912a49c1dce2f0c, type: 3}
      propertyPath: m_LocalPosition.y
      value: -0.1389867
      objectReference: {fileID: 0}
    - target: {fileID: 4859880167833556, guid: 6f672a31584a6a748912a49c1dce2f0c, type: 3}
      propertyPath: m_LocalPosition.z
      value: -2.2142446
      objectReference: {fileID: 0}
    - target: {fileID: 4859880167833556, guid: 6f672a31584a6a748912a49c1dce2f0c, type: 3}
      propertyPath: m_LocalRotation.x
      value: -0.7071068
      objectReference: {fileID: 0}
    - target: {fileID: 4859880167833556, guid: 6f672a31584a6a748912a49c1dce2f0c, type: 3}
      propertyPath: m_LocalRotation.y
      value: -0
      objectReference: {fileID: 0}
    - target: {fileID: 4859880167833556, guid: 6f672a31584a6a748912a49c1dce2f0c, type: 3}
      propertyPath: m_LocalRotation.z
      value: -0
      objectReference: {fileID: 0}
    - target: {fileID: 4859880167833556, guid: 6f672a31584a6a748912a49c1dce2f0c, type: 3}
      propertyPath: m_LocalRotation.w
      value: 0.7071068
      objectReference: {fileID: 0}
    - target: {fileID: 4859880167833556, guid: 6f672a31584a6a748912a49c1dce2f0c, type: 3}
      propertyPath: m_RootOrder
      value: 5
      objectReference: {fileID: 0}
    - target: {fileID: 4859880167833556, guid: 6f672a31584a6a748912a49c1dce2f0c, type: 3}
      propertyPath: m_LocalEulerAnglesHint.x
      value: -90
      objectReference: {fileID: 0}
    - target: {fileID: 4859880167833556, guid: 6f672a31584a6a748912a49c1dce2f0c, type: 3}
      propertyPath: m_LocalEulerAnglesHint.y
      value: 0
      objectReference: {fileID: 0}
    - target: {fileID: 4859880167833556, guid: 6f672a31584a6a748912a49c1dce2f0c, type: 3}
      propertyPath: m_LocalEulerAnglesHint.z
      value: 0
      objectReference: {fileID: 0}
    - target: {fileID: 4859880167833556, guid: 6f672a31584a6a748912a49c1dce2f0c, type: 3}
      propertyPath: m_LocalScale.x
      value: 0.2
      objectReference: {fileID: 0}
    - target: {fileID: 4859880167833556, guid: 6f672a31584a6a748912a49c1dce2f0c, type: 3}
      propertyPath: m_LocalScale.y
      value: 0.20000002
      objectReference: {fileID: 0}
    - target: {fileID: 4859880167833556, guid: 6f672a31584a6a748912a49c1dce2f0c, type: 3}
      propertyPath: m_LocalScale.z
      value: 0.5
      objectReference: {fileID: 0}
    - target: {fileID: 198206152677216326, guid: 6f672a31584a6a748912a49c1dce2f0c,
        type: 3}
      propertyPath: UVModule.flipU
      value: 0
      objectReference: {fileID: 0}
    - target: {fileID: 198206152677216326, guid: 6f672a31584a6a748912a49c1dce2f0c,
        type: 3}
      propertyPath: UVModule.flipV
      value: 0
      objectReference: {fileID: 0}
    - target: {fileID: 198206152677216326, guid: 6f672a31584a6a748912a49c1dce2f0c,
        type: 3}
      propertyPath: EmissionModule.enabled
      value: 0
      objectReference: {fileID: 0}
    - target: {fileID: 198938402097657526, guid: 6f672a31584a6a748912a49c1dce2f0c,
        type: 3}
      propertyPath: UVModule.flipU
      value: 0
      objectReference: {fileID: 0}
    - target: {fileID: 198938402097657526, guid: 6f672a31584a6a748912a49c1dce2f0c,
        type: 3}
      propertyPath: ColorModule.gradient.maxGradient.key1.r
      value: 1
      objectReference: {fileID: 0}
    - target: {fileID: 198938402097657526, guid: 6f672a31584a6a748912a49c1dce2f0c,
        type: 3}
      propertyPath: ColorModule.gradient.maxGradient.key1.g
      value: 0.45847422
      objectReference: {fileID: 0}
    - target: {fileID: 198938402097657526, guid: 6f672a31584a6a748912a49c1dce2f0c,
        type: 3}
      propertyPath: ColorModule.gradient.maxGradient.key1.b
      value: 0
      objectReference: {fileID: 0}
    - target: {fileID: 198938402097657526, guid: 6f672a31584a6a748912a49c1dce2f0c,
        type: 3}
      propertyPath: ColorModule.gradient.maxGradient.key0.r
      value: 1
      objectReference: {fileID: 0}
    - target: {fileID: 198938402097657526, guid: 6f672a31584a6a748912a49c1dce2f0c,
        type: 3}
      propertyPath: ColorModule.gradient.maxGradient.key0.g
      value: 0.5615012
      objectReference: {fileID: 0}
    - target: {fileID: 198938402097657526, guid: 6f672a31584a6a748912a49c1dce2f0c,
        type: 3}
      propertyPath: ColorModule.gradient.maxGradient.key0.b
      value: 0
      objectReference: {fileID: 0}
    - target: {fileID: 198938402097657526, guid: 6f672a31584a6a748912a49c1dce2f0c,
        type: 3}
      propertyPath: ColorModule.gradient.maxGradient.ctime1
      value: 65150
      objectReference: {fileID: 0}
    - target: {fileID: 198956070365097430, guid: 6f672a31584a6a748912a49c1dce2f0c,
        type: 3}
      propertyPath: UVModule.flipU
      value: 0
      objectReference: {fileID: 0}
    - target: {fileID: 198956070365097430, guid: 6f672a31584a6a748912a49c1dce2f0c,
        type: 3}
      propertyPath: UVModule.flipV
      value: 0
      objectReference: {fileID: 0}
    - target: {fileID: 198956070365097430, guid: 6f672a31584a6a748912a49c1dce2f0c,
        type: 3}
      propertyPath: EmissionModule.enabled
      value: 0
      objectReference: {fileID: 0}
    m_RemovedComponents: []
  m_SourcePrefab: {fileID: 100100000, guid: 6f672a31584a6a748912a49c1dce2f0c, type: 3}
--- !u!4 &8644012582776001676 stripped
Transform:
  m_CorrespondingSourceObject: {fileID: 4859880167833556, guid: 6f672a31584a6a748912a49c1dce2f0c,
    type: 3}
  m_PrefabInstance: {fileID: 8639302304942730072}
  m_PrefabAsset: {fileID: 0}
